<collection xmlns="http://www.loc.gov/MARC21/slim">
<record>
  <leader>00489na 0a22001331i 450 </leader>
  <controlfield tag="001">IT\ICCU\CNCE\058880</controlfield>
  <controlfield tag="005">20040727000000.0</controlfield>
  <datafield tag="100" ind1=" " ind2=" ">
    <subfield code="a">20040727             0itac0103    ba</subfield>
  </datafield>
  <datafield tag="101" ind1=" " ind2=" ">
    <subfield code="a">ITA</subfield>
  </datafield>
  <datafield tag="200" ind1="1" ind2=" ">
    <subfield code="a">Dialogo facetissimo e ridiculosissimo di Ruzante. Recitato a Fosson alla caccia. Del 1528. Parte nona. Ristampato</subfield>
  </datafield>
  <datafield tag="700" ind1=" " ind2="0">
    <subfield code="a">Ruzzante</subfield>
    <subfield code="3">IT\ICCU\CNCA\007200</subfield>
  </datafield>
  <datafield tag="790" ind1=" " ind2="1">
    <subfield code="a">Beolco,</subfield>
    <subfield code="b">Angelo</subfield>
    <subfield code="3">IT\ICCU\CNCA\007201</subfield>
    <subfield code="z">Ruzzante</subfield>
  </datafield>
  <datafield tag="790" ind1=" " ind2="0">
    <subfield code="a">Ruzante</subfield>
    <subfield code="3">IT\ICCU\CNCA\018049</subfield>
    <subfield code="z">Ruzzante</subfield>
  </datafield>
  <datafield tag="801" ind1=" " ind2="3">
    <subfield code="a">IT</subfield>
    <subfield code="b">ICCU</subfield>
    <subfield code="c">20201115</subfield>
  </datafield>
</record>
</collection>
